{"coin":"@151","side":"A","time":"2025-06-24T02:56:36.172847427","px":"2393.9","sz":"0.1539","hash":"0x2b21750229be769650b604261eaac1018c00c45812652efbbdd35fe0ecb201a1","trade_dir_override":"Na","side_info":[{"user":"0xecb63caa47c7c4e77f60f1ce858cf28dc2b82b00","start_pos":"1166.565307356","oid":105686971733,"twap_id":null,"cloid":"0x1070fff92506b3ab5e5aec135e5a5ddd"},{"user":"0xb65117c1e1006e7b2413fa90e96fcbe3fa83ed75","start_pos":"0.153928559","oid":105686976226,"twap_id":null,"cloid":null}]}
{"coin":"@166","side":"A","time":"2025-06-24T02:56:36.172847427","px":"1.0003","sz":"184.11","hash":"0x0ffc6896b2147680820e04261eaac1018c0101735014e44b56f038478b13ad8f","trade_dir_override":"Na","side_info":[{"user":"0x107332a1729ba0bcf6171117815a87b72a7e6082","start_pos":"36301.55539655","oid":105686050113,"twap_id":null,"cloid":null},{"user":"0xb65117c1e1006e7b2413fa90e96fcbe3fa83ed75","start_pos":"184.12704003","oid":105686976227,"twap_id":null,"cloid":null}]}
{"coin":"@107","side":"B","time":"2025-06-24T02:56:36.172847427","px":"36.796","sz":"15.0","hash":"0x0f0fd1630a15ee0cfbf704261eaac1018c01021cbd299fd0aab0fc4b47dbfeb5","trade_dir_override":"Na","side_info":[{"user":"0xb65117c1e1006e7b2413fa90e96fcbe3fa83ed75","start_pos":"1438.73242692","oid":105686976228,"twap_id":null,"cloid":null},{"user":"0x91853bcefbdc3447768413e6db7d6e0a81c4be56","start_pos":"1230.04231931","oid":105686976111,"twap_id":null,"cloid":"0x0000000000001371000031839dda1c54"}]}
{"coin":"HYPE","side":"B","time":"2025-06-24T02:56:36.241836440","px":"36.773","sz":"0.74","hash":"0xbc8b4f281951cd10af1704261eaac201910053453aba82fd6f64e9ad5cc3eab8","trade_dir_override":"Na","side_info":[{"user":"0xc2d25de009756d3e2ff8a69fd68a02dd7679a8a2","start_pos":"1.25","oid":105686976375,"twap_id":null,"cloid":null},{"user":"0xaf2ac71f62f341e5823d6985492409e92c940447","start_pos":"100.0","oid":105686976012,"twap_id":null,"cloid":"0x000000000000cba600002935c6911dbf"}]}
{"coin":"@142","side":"A","time":"2025-06-24T02:56:36.241836440","px":"104924.0","sz":"0.01094","hash":"0x4e6ee8e4a2376fb83e1104261eaac2019a004ef0e8feaeee0c04557f2cb8faa1","trade_dir_override":"Na","side_info":[{"user":"0xdcac85ecae7148886029c20e661d848a4de99ce2","start_pos":"2.9973766089","oid":105686964903,"twap_id":null,"cloid":null},{"user":"0xefd3ab65915e35105caa462442c9ecc1346728df","start_pos":"1.4552651155","oid":105686976384,"twap_id":null,"cloid":null}]}
{"coin":"@142","side":"A","time":"2025-06-24T02:56:36.241836440","px":"104924.0","sz":"0.00193","hash":"0x4e6ee8e4a2376fb83e1104261eaac2019a004ef0e8feaeee0c04557f2cb8faa1","trade_dir_override":"Na","side_info":[{"user":"0x15f99ee9c49d80851f3dfb9a899da42ec65a1b1b","start_pos":"0.0000145105","oid":105686976114,"twap_id":null,"cloid":null},{"user":"0xefd3ab65915e35105caa462442c9ecc1346728df","start_pos":"1.4443251155","oid":105686976384,"twap_id":null,"cloid":null}]}
{"coin":"@151","side":"A","time":"2025-06-24T02:56:36.241836440","px":"2393.9","sz":"0.2641","hash":"0x95f3d0546bd85531a6d704261eaac2019b0034d53e7526933291402af6adebf7","trade_dir_override":"Na","side_info":[{"user":"0xecb63caa47c7c4e77f60f1ce858cf28dc2b82b00","start_pos":"1166.719207356","oid":105686971733,"twap_id":null,"cloid":"0x1070fff92506b3ab5e5aec135e5a5ddd"},{"user":"0xefd3ab65915e35105caa462442c9ecc1346728df","start_pos":"49.123091455","oid":105686976385,"twap_id":null,"cloid":null}]}
{"coin":"AI16Z","side":"B","time":"2025-06-24T02:56:36.510075144","px":"0.15823","sz":"208.4","hash":"0xb791283313f742315be004261eaac4012a00bb7b07862d44cba4de6813f76602","trade_dir_override":"Na","side_info":[{"user":"0x010461c14e146ac35fe42271bdc1134ee31c703a","start_pos":"-305401.0","oid":105686976469,"twap_id":null,"cloid":null},{"user":"0xb4321b142b2a03ce20fcab2007ff6990b9acba93","start_pos":"18515.4","oid":105686969474,"twap_id":null,"cloid":"0x0000000000000000de5c5df32db69553"}]}
{"coin":"PURR/USDC","side":"B","time":"2025-06-24T02:56:36.578815265","px":"0.20408","sz":"250.0","hash":"0x100515592168666abbbb04261eaac5018b005440d32a1bba306fc3ab0f0a7ff0","trade_dir_override":"Na","side_info":[{"user":"0x162cc7c861ebd0c06b3d72319201150482518185","start_pos":"1107212.2156400001","oid":105686976573,"twap_id":null,"cloid":"0x000000000000000033d1d30c32c2afaa"},{"user":"0xea419262a97e92b6eee39eb3d01138bf2949bb9d","start_pos":"694623.6427","oid":105686975104,"twap_id":null,"cloid":"0x00740ed68330003d00587dc670f10000"}]}
{"coin":"PENDLE","side":"A","time":"2025-06-24T02:56:36.633936095","px":"3.5816","sz":"83.0","hash":"0xd02d3853fdde2296e34e04261eaac6014d00f37036a4ac1812d05fc71c260025","trade_dir_override":"Na","side_info":[{"user":"0x010461c14e146ac35fe42271bdc1134ee31c703a","start_pos":"25471.0","oid":105686972471,"twap_id":null,"cloid":null},{"user":"0x451333eb2f8230cda918db136623da9c26acea0b","start_pos":"-17530.0","oid":105686976632,"twap_id":null,"cloid":"0xaed6d063c14642c4a723b082c96e25c3"}]}
{"coin":"TRX","side":"A","time":"2025-06-24T02:56:36.633936095","px":"0.27225","sz":"1835.0","hash":"0xee7211f542fb48054fd204261eaac60150000a0c8d0ce81ca4e9785d7027e910","trade_dir_override":"Na","side_info":[{"user":"0xecb63caa47c7c4e77f60f1ce858cf28dc2b82b00","start_pos":"-412654.0","oid":105686952032,"twap_id":null,"cloid":"0x6560df107f5fd7092a10871e274ef9e6"},{"user":"0xfc8c156428a8e48cb8d0356db16e59bec4c0ecea","start_pos":"212816.0","oid":105686976635,"twap_id":null,"cloid":"0xae9f6c0100000000c53a025834064b18"}]}
{"coin":"PURR/USDC","side":"A","time":"2025-06-24T02:56:36.633936095","px":"0.20414","sz":"250.0","hash":"0xa35dc0ec4d0f1be7954104261eaac601660036c5486e43d1298fffb58ed3ef26","trade_dir_override":"Na","side_info":[{"user":"0x162cc7c861ebd0c06b3d72319201150482518185","start_pos":"1107462.1781500001","oid":105686976573,"twap_id":null,"cloid":"0x000000000000000033d1d30c32c2afaa"},{"user":"0x2afe745dfd735e24aae8ac39969140dd0511496b","start_pos":"219651.02052","oid":105686976661,"twap_id":null,"cloid":"0x00000000f373000690d9e43c68ee6b51"}]}
{"coin":"ENA","side":"B","time":"2025-06-24T02:56:36.633936095","px":"0.2685","sz":"73.0","hash":"0xe017f0d464bbf330a7fd04261eaac60168007da9578ec00b69d3540c8e9efa0a","trade_dir_override":"Na","side_info":[{"user":"0x31ca8395cf837de08b24da3f660e77761dfb974b","start_pos":"59657.0","oid":105686976663,"twap_id":null,"cloid":null},{"user":"0x6ba889db7f923622d3548f621ecc2054b80c1817","start_pos":"23809.0","oid":105686931473,"twap_id":null,"cloid":"0x17507337595095386710000000000000"}]}
