{"coin":"STX","side":"B","time":"2025-06-24T02:56:36.894949789","px":"0.63591","sz":"30.6","hash":"0x7306fd0390c93a1cfdc504261eaac9010400e00556a0aef084a2a8161f025a09","trade_dir_override":"Na","side_info":[{"user":"0x31ca8395cf837de08b24da3f660e77761dfb974b","start_pos":"182153.4","oid":105686977410,"twap_id":null,"cloid":null},{"user":"0xee126cd566febeebee9a715812df601e1e69512c","start_pos":"4854.0","oid":105686843698,"twap_id":null,"cloid":"0x9d2c065a6cf37141775d522dcf38855e"}]}
{"coin":"@107","side":"B","time":"2025-06-24T02:56:36.952195987","px":"36.801","sz":"1.56","hash":"0x5376478958639270d25b04261eaaca02011300b6823c88d3cdeeb6d1217e2b13","trade_dir_override":"Na","side_info":[{"user":"0xefd3ab65915e35105caa462442c9ecc1346728df","start_pos":"17674.17669565","oid":105686977611,"twap_id":null,"cloid":null},{"user":"0x8ac0ec32d282d0841f40c4be5a8ecbe0760e59e3","start_pos":"77.32102068","oid":105686977591,"twap_id":null,"cloid":"0x00000000000000001849c172509f24df"}]}
{"coin":"@59","side":"A","time":"2025-06-24T02:56:36.952195987","px":"6.6472","sz":"8.68","hash":"0x0d39f6431f1c3338229c04261eaaca02011500b6669208468264a9aaa88ed3e6","trade_dir_override":"Na","side_info":[{"user":"0xffffffffffffffffffffffffffffffffffffffff","start_pos":"200293.72","oid":105684367994,"twap_id":null,"cloid":null},{"user":"0xefd3ab65915e35105caa462442c9ecc1346728df","start_pos":"856.17828753","oid":105686977613,"twap_id":null,"cloid":null}]}
{"coin":"@166","side":"A","time":"2025-06-24T02:56:36.952195987","px":"1.0003","sz":"165.32","hash":"0xeed8d454cafed26151fd04261eaaca02011600de5df57ee78bab1b091b056b2e","trade_dir_override":"Na","side_info":[{"user":"0x107332a1729ba0bcf6171117815a87b72a7e6082","start_pos":"36485.61568686","oid":105686050113,"twap_id":null,"cloid":null},{"user":"0xefd3ab65915e35105caa462442c9ecc1346728df","start_pos":"215171.4145885","oid":105686977614,"twap_id":null,"cloid":null}]}
{"coin":"@107","side":"B","time":"2025-06-24T02:56:36.952195987","px":"36.801","sz":"4.49","hash":"0x02c80a45cd822365816d04261eaaca02011700f3c0b5703cca97c90aaca4a785","trade_dir_override":"Na","side_info":[{"user":"0xefd3ab65915e35105caa462442c9ecc1346728df","start_pos":"17675.73631346","oid":105686977615,"twap_id":null,"cloid":null},{"user":"0x8ac0ec32d282d0841f40c4be5a8ecbe0760e59e3","start_pos":"75.76103627","oid":105686977591,"twap_id":null,"cloid":"0x00000000000000001849c172509f24df"}]}
{"coin":"@166","side":"A","time":"2025-06-24T02:56:36.952195987","px":"1.0003","sz":"75.59","hash":"0x9c8b059c249d5b4f183c04261eaaca0201180081b2c5cedaa5a8e9c94ef563e5","trade_dir_override":"Na","side_info":[{"user":"0x107332a1729ba0bcf6171117815a87b72a7e6082","start_pos":"36650.89105047","oid":105686050113,"twap_id":null,"cloid":null},{"user":"0xefd3ab65915e35105caa462442c9ecc1346728df","start_pos":"215006.0945885","oid":105686977616,"twap_id":null,"cloid":null}]}
{"coin":"@107","side":"B","time":"2025-06-24T02:56:36.952195987","px":"36.801","sz":"2.05","hash":"0xe3127dd9595b9aaa8d4e04261eaaca020119004ca6f9a8b1ed9c16358a32c78a","trade_dir_override":"Na","side_info":[{"user":"0xefd3ab65915e35105caa462442c9ecc1346728df","start_pos":"17680.22521342","oid":105686977617,"twap_id":null,"cloid":null},{"user":"0x8ac0ec32d282d0841f40c4be5a8ecbe0760e59e3","start_pos":"71.27108116","oid":105686977591,"twap_id":null,"cloid":"0x00000000000000001849c172509f24df"}]}
{"coin":"@107","side":"B","time":"2025-06-24T02:56:36.952195987","px":"36.801","sz":"1.56","hash":"0x4023d33de912351b1c0704261eaaca02011a00b14e8ba255b1fd8dda6aca0f2a","trade_dir_override":"Na","side_info":[{"user":"0xefd3ab65915e35105caa462442c9ecc1346728df","start_pos":"17682.27471118","oid":105686977618,"twap_id":null,"cloid":null},{"user":"0x8ac0ec32d282d0841f40c4be5a8ecbe0760e59e3","start_pos":"69.22110165","oid":105686977591,"twap_id":null,"cloid":"0x00000000000000001849c172509f24df"}]}
{"coin":"@107","side":"B","time":"2025-06-24T02:56:36.952195987","px":"36.801","sz":"5.95","hash":"0xe2bd19ead6bf48a9212604261eaaca02011b000266b78f2f1943e32da417a24d","trade_dir_override":"Na","side_info":[{"user":"0xefd3ab65915e35105caa462442c9ecc1346728df","start_pos":"17683.83432899","oid":105686977619,"twap_id":null,"cloid":null},{"user":"0x8ac0ec32d282d0841f40c4be5a8ecbe0760e59e3","start_pos":"67.66111724","oid":105686977591,"twap_id":null,"cloid":"0x00000000000000001849c172509f24df"}]}
{"coin":"@166","side":"A","time":"2025-06-24T02:56:36.952195987","px":"1.0003","sz":"57.6","hash":"0x7a1100dee236e5a2693604261eaaca02011c00feab4d04df9d016ac3fc5a0bb2","trade_dir_override":"Na","side_info":[{"user":"0x107332a1729ba0bcf6171117815a87b72a7e6082","start_pos":"36726.46064118","oid":105686050113,"twap_id":null,"cloid":null},{"user":"0xefd3ab65915e35105caa462442c9ecc1346728df","start_pos":"214930.5045885","oid":105686977620,"twap_id":null,"cloid":null}]}
{"coin":"@107","side":"A","time":"2025-06-24T02:56:36.952195987","px":"36.791","sz":"13.6","hash":"0x2165d9c82bb7c82b5a5204261eaaca02012500ffd6df104ef2bd49658b724ecd","trade_dir_override":"Na","side_info":[{"user":"0x023a3d058020fb76cca98f01b3c48c8938a22355","start_pos":"7694.15638066","oid":105686977112,"twap_id":null,"cloid":"0x00000000000008029538332006014039"},{"user":"0xa408cf373d04e8c562ea23c2f49acd88968e56ef","start_pos":"7833.93885203","oid":105686977629,"twap_id":null,"cloid":"0x078273e050854e298a3aada86fbc0020"}]}
{"coin":"ETH","side":"A","time":"2025-06-24T02:56:37.026660548","px":"2391.9","sz":"0.0051","hash":"0x0000000000000000000000000000000000000000000000000000000000000000","trade_dir_override":"Na","side_info":[{"user":"0x31ca8395cf837de08b24da3f660e77761dfb974b","start_pos":"14.2048","oid":105686950111,"twap_id":null,"cloid":null},{"user":"0x937791d5ab5040402370f1fc0d9f8f014d80e90e","start_pos":"-2.6603","oid":105686977630,"twap_id":822427,"cloid":null}]}
